@article{CHEN2022118546,
  title   = {Machine learning for the prediction of viscosity of ionic liquid–water mixtures},
  journal = {Journal of Molecular Liquids},
  volume  = {350},
  pages   = {118546},
  year    = {2022},
  issn    = {0167-7322},
  author  = {Yuqiu Chen and Baoliang Peng and Georgios M. Kontogeorgis and Xiaodong Liang}
}

@article{polym14051018,
  author   = {Zhang, Yan and Jin, Huaiping and Liu, Haipeng and Yang, Biao and Dong, Shoulong},
  title    = {Deep semi-supervised just-in-time learning based soft sensor for mooney viscosity estimation in industrial rubber mixing process},
  journal  = {Polymers},
  volume   = {14},
  year     = {2022},
  number   = {5},
  pages    = {1018},
  pubmedid = {35267845},
  issn     = {2073-4360}
}

@article{alsabaaMachineLearningModel2022,
  title        = {Machine {{learning model}} for {{Monitoring Rheological Properties}} of {{Synthetic Oil-Based Mud}}},
  author       = {Alsabaa, Ahmed and Gamal, Hany and Elkatatny, Salaheldin and Abdelraouf, Yasmin},
  date         = {2022-05-10},
  journaltitle = {ACS Omega},
  shortjournal = {ACS Omega},
  volume       = {7},
  number       = {18},
  pages        = {15603--15614},
  annotation   = {titleTranslation: 合成油基泥浆流变特性监测的机器学习模型}
}

@article{amamotoDatadrivenApproachesStructureproperty2022,
  title        = {Data-driven approaches for structure-property relationships in polymer science for prediction and understanding},
  author       = {Amamoto, Yoshifumi},
  date         = {2022-08-01},
  journaltitle = {Polymer Journal},
  volume       = {54},
  number       = {8},
  pages        = {957--967},
  annotation   = {titleTranslation: 数据驱动的方法用于预测和理解聚合物科学中的结构-性质关系}
}

@article{bahiuddinReviewModelingSchemes2024,
  title        = {Review of modeling schemes and machine learning algorithms for fluid rheological behavior analysis},
  author       = {Bahiuddin, Irfan and Mazlan, Saiful Amri and Imaduddin, Fitrian and Shapiai, Mohd. Ibrahim and {Ubaidillah} and Sugeng, Dhani Avianto},
  date         = {2024-03-22},
  journaltitle = {Journal of the Mechanical Behavior of Materials},
  volume       = {33},
  number       = {1},
  pages        = {20220309},
  annotation   = {titleTranslation: 流体流变行为分析的建模方案和机器学习算法综述}
}

@article{baiDatadrivenSmoothedParticle2021,
  title        = {A data-driven smoothed particle hydrodynamics method for fluids},
  author       = {Bai, Jinshuai and Zhou, Ying and Rathnayaka, Charith Malinga and Zhan, Haifei and Sauret, Emilie and Gu, Yuantong},
  date         = {2021-11-01},
  journaltitle = {Engineering Analysis with Boundary Elements},
  volume       = {132},
  pages        = {12--32},
  keywords     = {Data clustering,Data-driven computational mechanics,Hydrodynamics modelling,Rheology,Smoothed particle hydrodynamics},
  annotation   = {titleTranslation: 基于数据驱动的流体光滑粒子流体动力学方法}
}

@article{bruntonDiscoveringGoverningEquations2016,
  title        = {Discovering governing equations from data by sparse identification of nonlinear dynamical systems},
  author       = {Brunton, Steven L. and Proctor, Joshua L. and Kutz, J. Nathan},
  date         = {2016-04-12},
  journaltitle = {Proceedings of the National Academy of Sciences},
  shortjournal = {Proc. Natl. Acad. Sci. U.S.A.},
  volume       = {113},
  number       = {15},
  pages        = {3932--3937},
  annotation   = {titleTranslation: 通过非线性动力系统的稀疏辨识从数据中发现控制方程}
}

@article{bruntonMachineLearningFluid2020,
  title        = {Machine {{learning}} for {{fluid mechanics}}},
  author       = {Brunton, Steven L. and Noack, Bernd R. and Koumoutsakos, Petros},
  date         = {2020-01-05},
  journaltitle = {Annual Review of Fluid Mechanics},
  shortjournal = {Annu. Rev. Fluid Mech.},
  volume       = {52},
  number       = {1},
  pages        = {477--508},
  annotation   = {titleTranslation: 面向流体力学的机器学习}
}

@article{champa-bujaicoMachineLearningProperty2022,
  title        = {Machine {{learning}} for {{Property Prediction}} and {{Optimization}} of {{Polymeric Nanocomposites}}: {{A State-of-the-Art}}},
  shorttitle   = {Machine {{learning}} for {{Property Prediction}} and {{Optimization}} of {{Polymeric Nanocomposites}}},
  author       = {Champa-Bujaico, Elizabeth and García-Díaz, Pilar and Díez-Pascual, Ana M.},
  date         = {2022-09-14},
  journaltitle = {International Journal of Molecular Sciences},
  shortjournal = {IJMS},
  volume       = {23},
  number       = {18},
  pages        = {10712},
  annotation   = {titleTranslation: 机器学习用于聚合物纳米复合材料的性能预测和优化：一个前沿领域}
}

@article{colenMachineLearningActivenematic2021,
  title        = {Machine learning active-nematic hydrodynamics},
  author       = {Colen, J. and Han, M. and Zhang, R. and Redford, S.A. and Lemma, L.M. and Morgan, L. and Ruijgrok, P.V. and Adkins, R. and Bryant, Z. and Dogic, Z. and Gardel, M.L. and family=Pablo, given=J.J., prefix=de, useprefix=true and Vitelli, V.},
  date         = {2021},
  journaltitle = {Proceedings of the National Academy of Sciences of the United States of America},
  volume       = {118},
  number       = {10},
  pages        = {e2016708118},
  annotation   = {titleTranslation: 机器学习主动-负流体动力学}
}

@article{dabiri2023,
  title        = {Fractional rheology-informed neural networks for data-driven identification of viscoelastic constitutive models},
  author       = {Dabiri, Donya and Saadat, Milad and Mangal, Deepak and Jamali, Safa},
  date         = {2023-10},
  journaltitle = {Rheologica Acta},
  shortjournal = {Rheol Acta},
  volume       = {62},
  number       = {10},
  pages        = {557--568},
  annotation   = {titleTranslation: 基于数据驱动的分数阶流变学神经网络辨识粘弹性本构模型}
}

@article{davoodiHybridizedMachinelearningPrompt2023,
  title        = {Hybridized machine-learning for prompt prediction of rheology and filtration properties of water-based drilling fluids},
  author       = {Davoodi, Shadfar and Mehrad, Mohammad and Wood, David A. and Ghorbani, Hamzeh and Rukavishnikov, Valeriy S.},
  date         = {2023-08},
  journaltitle = {Engineering Applications of Artificial Intelligence},
  shortjournal = {Engineering Applications of Artificial Intelligence},
  volume       = {123},
  pages        = {106459},
  annotation   = {titleTranslation: 混合机器学习用于水基钻井液流变性和滤失性的快速预测}
}

@article{dettmerFrameworkNeuralNetwork2024,
  title        = {A framework for neural network based constitutive modelling of inelastic materials},
  author       = {Dettmer, Wulf G. and Muttio, Eugenio J. and Alhayki, Reem and Perić, Djordje},
  date         = {2024-02},
  journaltitle = {Computer Methods in Applied Mechanics and Engineering},
  shortjournal = {Computer Methods in Applied Mechanics and Engineering},
  volume       = {420},
  pages        = {116672},
  annotation   = {titleTranslation: 基于神经网络的非弹性材料本构建模框架}
}

@article{dornheimNeuralNetworksConstitutive2024,
  title        = {Neural {{networks}} for {{Constitutive Modeling}}: {{From Universal Function Approximators}} to {{Advanced Models}} and the {{Integration}} of {{Physics}}},
  author       = {Dornheim, Johannes and Morand, Lukas and Nallani, Hemanth Janarthanam and Helm, Dirk},
  date         = {2024-03-01},
  journaltitle = {Archives of Computational Methods in Engineering},
  shortjournal = {Archives of Computational Methods in Engineering},
  volume       = {31},
  number       = {2},
  pages        = {1097--1127},
  keywords     = {重点文献，最新文献多，综述全，建议写论文整理},
  annotation   = {titleTranslation: 神经网络用于本构建模：从通用函数逼近到高级模型与物理学的融合，重点}
}

@article{howardMachineLearningMethods2023,
  title        = {Machine learning methods for particle stress development in suspension {{poiseuille}} flows},
  author       = {Howard, A.A. and Dong, J. and Patel, R. and D’Elia, M. and Maxey, M.R. and Stinis, P.},
  date         = {2023},
  journaltitle = {Rheologica Acta},
  volume       = {62},
  number       = {10},
  pages        = {507--534},
  annotation   = {titleTranslation: 悬浮Poiseuille流中颗粒应力发展的机器学习方法}
}

@article{illnerRheologicalAnalysisHybrid2017,
  title        = {Rheological analysis of hybrid hydrogels during polymerization processes},
  author       = {Illner, Sabine and Sahmel, Olga and Siewert, Stefan and Eickner, Thomas and Grabow, Niels},
  date         = {2017-09-26},
  journaltitle = {Current Directions in Biomedical Engineering},
  volume       = {3},
  number       = {2},
  pages        = {699--702},
  annotation   = {titleTranslation: 杂化水凝胶在聚合过程中的流变学分析}
}

@article{Ponick2022,
  title        = {Image-based deep learning for rheology determination of bingham fluids},
  author       = {Ponick, A. and Langer, A. and Beyer, D. and Coenen, M. and Haist, M. and Heipke, C.},
  journaltitle = {The International Archives of the Photogrammetry, Remote Sensing and Spatial Information Sciences},
  volume       = {43},
  pages        = {711--720},
  year         = {2022},
  annotation   = {titleTranslation: 基于图像的深度学习用于宾汉流体的流变学测定}
}

@article{jinDatadrivenConstitutiveModel2023,
  title        = {Data-driven constitutive model of complex fluids using recurrent neural networks},
  author       = {Jin, Howon and Yoon, Sangwoong and Park, Frank C. and Ahn, Kyung Hyun},
  date         = {2023-10},
  journaltitle = {Rheologica Acta},
  shortjournal = {Rheol Acta},
  volume       = {62},
  number       = {10},
  pages        = {569--586},
  annotation   = {titleTranslation: 基于递归神经网络的数据驱动的复杂流体本构模型}
}

@article{johnMachineLearningViscoelastic2024,
  title        = {Machine learning for viscoelastic constitutive model identification and parameterisation using {{large amplitude oscillatory shear}}},
  author       = {John, T.P. and Mowbray, M. and Alalwyat, A. and Vousvoukis, M. and Martin, P. and Kowalski, A. and Fonte, C.P.},
  date         = {2024-07},
  journaltitle = {Chemical Engineering Science},
  shortjournal = {Chemical Engineering Science},
  volume       = {294},
  pages        = {120075},
  annotation   = {titleTranslation: 基于大振幅振荡剪切的粘弹性本构模型辨识与参数化的机器学习}
}

@article{karniadakisPhysicsinformedMachineLearning2021,
  title        = {Physics-informed machine learning},
  author       = {Karniadakis, George Em and Kevrekidis, Ioannis G. and Lu, Lu and Perdikaris, Paris and Wang, Sifan and Yang, Liu},
  date         = {2021-05-24},
  journaltitle = {Nature Reviews Physics},
  volume       = {3},
  number       = {6},
  pages        = {422--440},
  annotation   = {titleTranslation: 基于物理信息的机器学习}
}

@article{lennonScientificMachineLearning2023a,
  title        = {Scientific machine learning for modeling and simulating complex fluids},
  author       = {Lennon, Kyle R. and McKinley, Gareth H. and Swan, James W.},
  date         = {2023-07-04},
  journaltitle = {Proceedings of the National Academy of Sciences},
  shortjournal = {Proc. Natl. Acad. Sci. U.S.A.},
  volume       = {120},
  number       = {27},
  pages        = {e2304669120},
  annotation   = {titleTranslation: 科学的机器学习对复杂流体进行建模和仿真}
}

@article{liBackmappingCoarsegrainedMacromolecules2020,
  title        = {Backmapping of coarse-grained macromolecules: {{an}} efficient and versatile machine learning approach},
  author       = {Li, W and Burkhart, C and Polinska, P and Harmandaris, V and Doxastakis, M},
  date         = {2020-07-28},
  journaltitle = {The Journal of Chemical Physics},
  volume       = {153},
  number       = {4},
  pages        = {041101},
  keywords     = {BACK,CHAIN,CIS-14 POLYISOPRENE MELTS,DYNAMICS,MODELS,MONTE-CARLO-SIMULATION,POLYMERS,POLYSTYRENE,RECONSTRUCTION,REVERSE-MAPPING PROCEDURE},
  annotation   = {titleTranslation: 反向映射粗粒度大分子：一种高效且通用的机器学习方法}
}

@article{luLearningNonlinearOperators2021,
  title        = {Learning nonlinear operators via {{deeponet}} based on the universal approximation theorem of operators},
  author       = {Lu, L. and Jin, P. and Pang, G. and Zhang, Z. and Karniadakis, G.E.},
  date         = {2021},
  journaltitle = {Nature Machine Intelligence},
  volume       = {3},
  number       = {3},
  pages        = {218--229},
  annotation   = {titleTranslation: 基于算子的万能逼近定理，通过DeepONet学习非线性算子}
}

@article{mahmoudabadbozchelouDatadrivenPhysicsinformedConstitutive2021,
  title        = {Data-driven physics-informed constitutive metamodeling of complex fluids: {{a}} multifidelity neural network ({{MFNN}}) framework},
  shorttitle   = {Data-driven physics-informed constitutive metamodeling of complex fluids},
  author       = {Mahmoudabadbozchelou, Mohammadamin and Caggioni, Marco and Shahsavari, Setareh and Hartt, William H. and Em Karniadakis, George and Jamali, Safa},
  date         = {2021-03-01},
  journaltitle = {Journal of Rheology},
  volume       = {65},
  number       = {2},
  pages        = {179--198},
  annotation   = {titleTranslation: 数据驱动的复杂流体物理信息本构元建模：多保真神经网络( MFNN )框架}
}

@article{mahmoudabadbozchelouDigitalRheometerTwins2022,
  title        = {Digital rheometer twins: {{learning}} the hidden rheology of complex fluids through rheology-informed graph neural networks},
  shorttitle   = {Digital rheometer twins},
  author       = {Mahmoudabadbozchelou, Mohammadamin and Kamani, Krutarth M. and Rogers, Simon A. and Jamali, Safa},
  date         = {2022-05-17},
  journaltitle = {Proceedings of the National Academy of Sciences},
  volume       = {119},
  number       = {20},
  pages        = {e2202234119},
  annotation   = {titleTranslation: 数字流变仪孪生：通过流变知情图神经网络学习复杂流体的隐性流变}
}

@article{mahmoudabadbozchelouRheologyInformedNeuralNetworks2021,
  title        = {Rheology-informed neural networks ({{RhINNs}}) for forward and inverse metamodelling of complex fluids},
  author       = {Mahmoudabadbozchelou, Mohammadamin and Jamali, Safa},
  date         = {2021-06-08},
  journaltitle = {Scientific Reports},
  volume       = {11},
  number       = {1},
  pages        = {12015},
  annotation   = {titleTranslation: 面向复杂流体正、逆元建模的流变信息神经网络( RhINNs )}
}

@article{mahmoudabadbozchelouUnbiasedConstructionConstitutive2024,
  title        = {Unbiased construction of constitutive relations for soft materials from experiments via rheology-informed neural networks},
  author       = {Mahmoudabadbozchelou, Mohammadamin and Kamani, Krutarth M. and Rogers, Simon A. and Jamali, Safa},
  date         = {2024-01-09},
  journaltitle = {Proceedings of the National Academy of Sciences},
  volume       = {121},
  number       = {2},
  pages        = {e2313658121},
  annotation   = {titleTranslation: 通过流变信息神经网络从实验中无偏地构建软材料的本构关系}
}

@article{malekpourPrintabilityCellViability2022,
  title        = {Printability and {{cell viability}} in {{Extrusion-Based Bioprinting}} from {{Experimental}}, {{Computational}}, and {{Machine Learning Views}}},
  author       = {Malekpour, Ali and Chen, Xiongbiao},
  date         = {2022-04-10},
  journaltitle = {Journal of Functional Biomaterials},
  shortjournal = {JFB},
  volume       = {13},
  number       = {2},
  pages        = {40},
  annotation   = {titleTranslation: 从实验、计算和机器学习的角度研究基于挤出的生物打印的可打印性和细胞活性}
}

@article{mangalDatadrivenTechniquesRheology2025,
  title        = {Data-driven techniques in rheology: {{developments}}, challenges and perspective},
  shorttitle   = {Data-driven techniques in rheology},
  author       = {Mangal, Deepak and Jha, Anushka and Dabiri, Donya and Jamali, Safa},
  date         = {2025-02},
  journaltitle = {Current Opinion in Colloid \& Interface Science},
  shortjournal = {Current Opinion in Colloid \& Interface Science},
  volume       = {75},
  pages        = {101873},
  annotation   = {titleTranslation: 流变学中的数据驱动技术：发展、挑战和前景}
}

@article{martineauEngineeringGelationKinetics2022,
  title        = {Engineering {{gelation kinetics}} in {{living silk hydrogels}} by {{differential dynamic microscopy microrheology}} and {{machine learning}}},
  author       = {Martineau, Rhett L. and Bayles, Alexandra V. and Hung, Chia‐Suei and Reyes, Kristofer G. and Helgeson, Matthew E. and Gupta, Maneesh K.},
  date         = {2022-01},
  journaltitle = {Advanced Biology},
  volume       = {6},
  number       = {1},
  pages        = {2101070},
  annotation   = {titleTranslation: 利用微分动态显微技术、微流变学和机器学习方法研究活蚕丝水凝胶中的凝胶动力学}
}

@article{mustafaMachineLearningBased2023,
  title        = {Machine learning based microfluidic sensing device for viscosity measurements},
  author       = {Mustafa, Adil and Haider, Daniyal and Barua, Arnab and Tanyeri, Melikhan and Erten, Ahmet and Yalcin, Ozlem},
  date         = {2023},
  journaltitle = {Sensors \& Diagnostics},
  shortjournal = {Sens. Diagn.},
  volume       = {2},
  number       = {6},
  pages        = {1509--1520},
  annotation   = {titleTranslation: 基于机器学习的微流体粘度测量传感装置}
}

@article{nagrani2023,
  title        = {Data-driven rheological characterization of stress buildup and relaxation in thermal greases},
  author       = {Nagrani, Pranay P. and Kulkarni, Ritwik V. and Kelkar, Parth U. and Corder, Ria D. and Erk, Kendra A. and Marconnet, Amy M. and Christov, Ivan C.},
  date         = {2023-11-01},
  journaltitle = {Journal of Rheology},
  volume       = {67},
  number       = {6},
  pages        = {1129--1140},
  annotation   = {titleTranslation: 数据驱动的润滑脂应力积累和松弛的流变学表征}
}

@article{raiLowdataInterpretableDeep2023,
  title        = {Low-data interpretable deep learning prediction of antibody viscosity using a biophysically meaningful representation},
  author       = {Rai, Brajesh K. and Apgar, James R. and Bennett, Eric M.},
  date         = {2023-02-20},
  journaltitle = {Scientific Reports},
  shortjournal = {Sci Rep},
  volume       = {13},
  number       = {1},
  pages        = {2917},
  annotation   = {titleTranslation: 使用具有生物物理意义的表示，低数据可解释性的深度学习预测抗体黏度}
}


@article{reyesLearningUnknownPhysics2021,
  title        = {Learning unknown physics of non-{{newtonian}} fluids},
  author       = {Reyes, B. and Howard, A.A. and Perdikaris, P. and Tartakovsky, A.M.},
  date         = {2021},
  journaltitle = {Physical Review Fluids},
  volume       = {6},
  number       = {7},
  pages        = {073301},
  annotation   = {titleTranslation: 学习非牛顿流体的未知物理}
}

@article{royPhysicsinfusedDeepNeural2024,
  title        = {Physics-infused deep neural network for solution of non-associative {{drucker}}–{{Prager}} Elastoplastic Constitutive Model},
  author       = {Roy, Arunabha M. and Guha, Suman and Sundararaghavan, Veera and Arróyave, Raymundo},
  date         = {2024-04},
  journaltitle = {Journal of the Mechanics and Physics of Solids},
  shortjournal = {Journal of the Mechanics and Physics of Solids},
  volume       = {185},
  pages        = {105570},
  annotation   = {titleTranslation: 非关联德鲁克- Prager弹塑性本构模型求解的物理融合深度神经网络}
}

@article{saadatDatadrivenSelectionConstitutive2022,
  title        = {Data-driven selection of constitutive models via rheology-informed neural networks ({{RhINNs}})},
  author       = {Saadat, Milad and Mahmoudabadbozchelou, Mohammadamin and Jamali, Safa},
  date         = {2022-10},
  journaltitle = {Rheologica Acta},
  volume       = {61},
  number       = {10},
  pages        = {721--732},
  annotation   = {titleTranslation: 基于流变信息神经网络( RhINNs )的数据驱动本构模型选择}
}

@article{saadatRheologistsGuidelineDatadriven2023,
  title        = {A rheologist's guideline to data-driven recovery of complex fluids'parameters from constitutive models},
  author       = {Saadat, Milad and Mangal, Deepak and Jamali, Safa},
  date         = {2023},
  journaltitle = {Digital Discovery},
  shortjournal = {Digital Discovery},
  volume       = {2},
  number       = {4},
  pages        = {915--928},
  publisher    = {RSC},
  annotation   = {titleTranslation: 流变学家从本构模型中数据驱动恢复复杂流体参数的指南}
}

@article{rashid2022learning,
  title     = {Learning the stress-strain fields in digital composites using fourier neural operator},
  author    = {Rashid, Meer Mehran and Pittie, Tanu and Chakraborty, Souvik and Krishnan, NM Anoop},
  journal   = {IScience},
  volume    = {25},
  number    = {11},
  year      = {2022},
  pages     = {105452},
  publisher = {Elsevier}
}

@article{Sato2025,
  title        = {Rheo-{{sindy}}: {{Finding}} a constitutive model from rheological data for complex fluids using sparse identification for nonlinear dynamics},
  author       = {Sato, T. and Miyamoto, S. and Kato, S.},
  date         = {2025},
  journaltitle = {Journal of Rheology},
  volume       = {69},
  number       = {1},
  pages        = {15--34},
  annotation   = {titleTranslation: Rheo-SINDy：利用非线性动力学的稀疏辨识从复杂流体的流变数据中寻找本构模型}
}

@article{seryoLearningConstitutiveRelation2020,
  title        = {Learning the constitutive relation of polymeric flows with memory},
  author       = {Seryo, Naoki and Sato, Takeshi and Molina, John J. and Taniguchi, Takashi},
  date         = {2020-07-21},
  journaltitle = {Physical Review Research},
  volume       = {2},
  number       = {3},
  pages        = {033107},
  annotation   = {titleTranslation: 记忆学习聚合物流动的本构关系}
}

@article{tacDatadrivenAnisotropicFinite2023,
  title        = {Data-driven anisotropic finite viscoelasticity using neural ordinary differential equations},
  author       = {Taç, V. and Rausch, M.K. and Sahli Costabal, F. and Tepole, A.B.},
  date         = {2023},
  journaltitle = {Computer Methods in Applied Mechanics and Engineering},
  volume       = {411},
  annotation   = {titleTranslation: 使用神经常微分方程的数据驱动各向异性有限粘弹性}
}

@article{tucnyLearningViscosityFunctions2024,
  title        = {Learning of viscosity functions in rarefied gas flows with physics-informed neural networks},
  author       = {Tucny, J.-M. and Durve, M. and Montessori, A. and Succi, S.},
  date         = {2024},
  journaltitle = {Computers and Fluids},
  volume       = {269},
  pages        = {106114},
  annotation   = {titleTranslation: 利用物理信息神经网络学习稀薄气体流动中的粘性函数}
}

@article{udrescuAIFeynmanPhysicsinspired2020,
  title        = {{{Ai feynman}}: {{a}} physics-inspired method for symbolic regression},
  author       = {Udrescu, S.-M. and Tegmark, M.},
  date         = {2020},
  journaltitle = {Science Advances},
  volume       = {6},
  number       = {16},
  pages        = {eaay2631},
  annotation   = {titleTranslation: AI范曼：一种物理启发的符号回归方法}
}

@article{verheyenIntegratedDatadrivenModeling2023,
  title        = {Integrated data-driven modeling and experimental optimization of granular hydrogel matrices},
  author       = {Verheyen, Connor A. and Uzel, Sebastien G.M. and Kurum, Armand and Roche, Ellen T. and Lewis, Jennifer A.},
  date         = {2023-03},
  journaltitle = {Matter},
  shortjournal = {Matter},
  volume       = {6},
  number       = {3},
  pages        = {1015--1036},
  annotation   = {titleTranslation: 颗粒水凝胶基质的集成数据驱动建模和实验优化}
}

@article{youngScatteringInformedMicrostructurePrediction2023,
  title        = {Scattering-{{informed microstructure prediction}} during {{Lagrangian Evolution}} ({{SIMPLE}})—a Data-Driven Framework for Modeling Complex Fluids in Flow},
  author       = {Young, Charles D. and Corona, Patrick T. and Datta, Anukta and Helgeson, Matthew E. and Graham, Michael D.},
  date         = {2023-10-01},
  journaltitle = {Rheologica Acta},
  shortjournal = {Rheologica Acta},
  volume       = {62},
  number       = {10},
  pages        = {587--604},
  annotation   = {titleTranslation: 拉格朗日演化中的散射信息微观结构预测( SIMPLE ) - -一种基于数据驱动的复杂流体流动模拟框架}
}

@article{zhangRapidAutonomousHighthroughput2023,
  title        = {Rapid, autonomous high-throughput characterization of hydrogel rheological properties via automated sensing and physics-guided machine learning},
  author       = {Zhang, Junru and Liu, Yang and Chandra Sekhar.P, Durga and Singh, Manjot and Tong, Yuxin and Kucukdeger, Ezgi and Yoon, Hu Young and Haring, Alexander P. and Roman, Maren and Kong, Zhenyu (James) and Johnson, Blake N.},
  date         = {2023-02},
  journaltitle = {Applied Materials Today},
  volume       = {30},
  pages        = {101720},
  annotation   = {titleTranslation: 通过自动化传感和物理引导的机器学习对水凝胶流变特性进行快速、自主的高通量表征}
}

@article{zhangRheologyNetPhysicsinformedNeural2023,
  title        = {{{Rheologynet}}: {{A}} physics-informed neural network solution to evaluate the thixotropic properties of cementitious materials},
  shorttitle   = {{{rheologynet}}},
  author       = {Zhang, Tianjie and Wang, Donglei and Lu, Yang},
  date         = {2023-06},
  journaltitle = {Cement and Concrete Research},
  volume       = {168},
  pages        = {107157},
  annotation   = {titleTranslation: RheologyNet：一种基于物理信息的神经网络解决方案，用于评估胶凝材料的触变性能}
}

@article{zhaoActiveLearningConstitutive2018,
  title        = {Active learning of constitutive relation from mesoscopic dynamics for macroscopic modeling of non-{{newtonian}} flows},
  author       = {Zhao, Lifei and Li, Zhen and Caswell, Bruce and Ouyang, Jie and Karniadakis, George Em},
  date         = {2018-06},
  journaltitle = {Journal of Computational Physics},
  volume       = {363},
  pages        = {116--127},
  annotation   = {titleTranslation: 从介观动力学主动学习本构关系用于非牛顿流动的宏观建模}
}

@article{zhenMultitargetSparseLatent2018,
  title        = {Multitarget {{sparse latent regression}}},
  author       = {Zhen, Xiantong and Yu, Mengyang and Zheng, Feng and Nachum, Ilanit Ben and Bhaduri, Mousumi and Laidley, David and Li, Shuo},
  date         = {2018-05},
  journaltitle = {IEEE Transactions on Neural Networks and Learning Systems},
  shortjournal = {IEEE Trans. Neural Netw. Learning Syst.},
  volume       = {29},
  number       = {5},
  pages        = {1575--1586},
  annotation   = {titleTranslation: 多目标稀疏隐回归}
}


@article{shakeel2023application,
  title     = {Application of machine learning techniques to predict viscosity of polymer solutions for enhanced oil recovery},
  author    = {Shakeel, Mariam and Pourafshary, Peyman and Hashmet, Muhammad Rehan and Muneer, Rizwan},
  journal   = {Energy Systems},
  pages     = {1--24},
  year      = {2023},
  publisher = {Springer}
}

@article{zhang2022image,
  title     = {Image-based machine learning for materials science},
  author    = {Zhang, Lei and Shao, Shaofeng},
  journal   = {Journal of Applied Physics},
  volume    = {132},
  number    = {10},
  year      = {2022},
  pages     = {100701},
  publisher = {AIP Publishing}
}

@article{lee2022predictive,
  title     = {Predictive model for the spreadability of cosmetic formulations based on large amplitude oscillatory shear (LAOS) and machine learning},
  author    = {Lee, Suhyun and Kim, Sung Ryul and Lee, Hyo-Jeong and Kim, Byoung Soo and Oh, Heemuk and Lee, Jun Bae and Park, Kyunghye and Yi, Yoon Ju and Park, Chun Ho and Park, Jun Dong},
  journal   = {Physics of Fluids},
  volume    = {34},
  number    = {10},
  year      = {2022},
  pages     = {103109},
  publisher = {AIP Publishing}
}

@article{lu2021machine,
  title     = {Machine learning accelerated discrete element modeling of granular flows},
  author    = {Lu, Liqiang and Gao, Xi and Dietiker, Jean-Fran{\c{c}}ois and Shahnam, Mehrdad and Rogers, William A},
  journal   = {Chemical Engineering Science},
  volume    = {245},
  pages     = {116832},
  year      = {2021},
  publisher = {Elsevier}
}

@article{you2022learning,
  title     = {Learning deep implicit fourier neural operators (IFNOs) with applications to heterogeneous material modeling},
  author    = {You, Huaiqian and Zhang, Quinn and Ross, Colton J and Lee, Chung-Hao and Yu, Yue},
  journal   = {Computer Methods in Applied Mechanics and Engineering},
  volume    = {398},
  pages     = {115296},
  year      = {2022},
  publisher = {Elsevier}
}

@article{huangUltrahighEnergydissipationElastomers2021,
  title        = {Ultrahigh energy-dissipation elastomers by precisely tailoring the relaxation of confined polymer fluids},
  author       = {Huang, Jin and Xu, Yichao and Qi, Shuanhu and Zhou, Jiajia and Shi, Wei and Zhao, Tianyi and Liu, Mingjie},
  date         = {2021-06-14},
  journaltitle = {Nature Communications},
  shortjournal = {Nature Communications},
  volume       = {12},
  number       = {1},
  pages        = {3610}
}

@article{cuomoScientificMachineLearning2022,
  title        = {Scientific {{machine learning through physics}}–{{informed neural networks}}: {{where}} we are and {{what}}'s {{next}}},
  author       = {Cuomo, Salvatore and Di Cola, Vincenzo Schiano and Giampaolo, Fabio and Rozza, Gianluigi and Raissi, Maziar and Piccialli, Francesco},
  date         = {2022-07-26},
  journaltitle = {Journal of Scientific Computing},
  volume       = {92},
  number       = {3},
  pages        = {88},
  annotation   = {pinn 示意图文献}
}
