@article{ardaTorsionalVibrationAnalysis2022,
  title        = {Torsional Vibration Analysis of Carbon Nanotubes Using {{Maxwell}} and {{Kelvin-Voigt}} Type Viscoelastic Material Models},
  author       = {Arda, Mustafa},
  date         = {2022},
  journaltitle = {European Mechanical Science},
  shortjournal = {European Mechanical Science},
  volume       = {4},
  number       = {3},
  pages        = {90--95},
  publisher    = {Ahmet ÇALIK},
  annotation   = {titleTranslation: 采用Maxwell和Kelvin - Voigt型粘弹性材料模型对碳纳米管进行扭转振动分析}
}

@article{banerjeeRoleRheologyMorphology2023,
  title        = {Role of {{Rheology}} in {{Morphology Development}} and {{Advanced Processing}} of {{Thermoplastic Polymer Materials}}: {{A Review}}},
  shorttitle   = {Role of {{Rheology}} in {{Morphology Development}} and {{Advanced Processing}} of {{Thermoplastic Polymer Materials}}},
  author       = {Banerjee, Ritima and Ray, Suprakas Sinha},
  date         = {2023-08-08},
  journaltitle = {ACS Omega},
  shortjournal = {ACS Omega},
  volume       = {8},
  number       = {31},
  pages        = {27969--28001},
  annotation   = {titleTranslation: 综述了流变学在热塑性高分子材料形态发展和先进加工中的作用}
}

@article{BARNES19971,
  title        = {Thixotropy—a Review},
  author       = {Barnes, Howard A},
  date         = {1997},
  journaltitle = {Journal of Non-Newtonian Fluid Mechanics},
  volume       = {70},
  number       = {1},
  pages        = {1--33},
  keywords     = {Microstructure,Strain,Stress,Viscoelastic},
  annotation   = {titleTranslation: 触变性- -综述}
}

@article{boltzmannZurTheorieElastischen1878,
  title        = {Zur {{Theorie}} Der Elastischen {{Nachwirkung}}},
  author       = {Boltzmann, L.},
  date         = {1878},
  journaltitle = {Annalen der Physik},
  volume       = {241},
  number       = {11},
  pages        = {430--432},
  annotation   = {titleTranslation: Zur Theorie der elastischen Nachwirkung}
}

@article{campbellNewtonianPowerLaw2018,
  title        = {Newtonian, Power Law, and Infinite Shear Flow Characteristics of Concentrated Slurries Using Percolation Theory Concepts},
  author       = {Campbell, Gregory A. and Zak, Michael E. and Wetzel, Mark D.},
  date         = {2018-03},
  journaltitle = {Rheologica Acta},
  shortjournal = {Rheol Acta},
  volume       = {57},
  number       = {3},
  pages        = {197--216},
  annotation   = {titleTranslation: 利用渗流理论概念研究了浓浆的牛顿、幂律和无限剪切流动特性}
}

@inbook{dealyIntroductionRheology1990,
  title      = {Introduction to {{Rheology}}},
  booktitle  = {Melt {{Rheology}} and {{Its Role}} in {{Plastics Processing}}: {{Theory}} and {{Applications}}},
  author     = {Dealy, John M. and Wissbrun, Kurt F.},
  date       = {1990},
  pages      = {1--41},
  publisher  = {Springer US},
  location   = {Boston, MA},
  isbn       = {978-1-4615-9738-4},
  annotation = {bookauthor:""}
}

@article{elleroTanner90Years2024,
  title        = {Tanner: 90 Years of {{Rheology}}},
  author       = {Ellero, M and family=Housiadas, given=KD, given-i=KD and Phan-Thien, N},
  date         = {2024-11},
  journaltitle = {Physics Of Fluids},
  volume       = {36},
  number       = {11},
  keywords     = {SEDIMENTATION,SIMULATIONS,SUSPENSIONS},
  annotation   = {titleTranslation: 坦纳：90年的流变学}
}

@article{ewoldtDesigningComplexFluids2022,
  title        = {Designing {{Complex Fluids}}},
  author       = {Ewoldt, Randy H. and Saengow, Chaimongkol},
  date         = {2022-01-05},
  journaltitle = {Annual Review of Fluid Mechanics},
  shortjournal = {Annu. Rev. Fluid Mech.},
  volume       = {54},
  number       = {1},
  pages        = {413--441},
  annotation   = {titleTranslation: 设计复杂流体}
}

@article{fedorowiczElasticPerfectlyPlastic2024,
  title        = {The Elastic Perfectly Plastic Constitutive Equation for Yield Stress Fluids},
  author       = {Fedorowicz, K and Prosser, R},
  date         = {2024-03},
  journaltitle = {Journal Of Non-Newtonian Fluid Mechanics},
  volume       = {325},
  keywords     = {BEHAVIOR,Bingham model,Channel flow,Elastic perfectly plastic model,EMULSIONS,FINITE-ELEMENT-METHOD,FLOWS,FRACTURE,Jaumann derivative,NUMERICAL-SIMULATION,STRAIN,SUSPENSIONS,TENSOR,VISCOELASTIC FLUID,Yield stress},
  annotation   = {titleTranslation: 屈服应力流体的弹性完全塑性本构方程}
}

@inbook{hajikarimiViscoelasticityTheoreticalBackground2023,
  title      = {Viscoelasticity {{Theoretical Background}}},
  booktitle  = {Constructional {{Viscoelastic Composite Materials}}: {{Theory}} and {{Application}}},
  author     = {Hajikarimi, Pouria and Sadat Hosseini, Alireza},
  date       = {2023},
  pages      = {9--41},
  publisher  = {Springer Nature Singapore},
  location   = {Singapore},
  isbn       = {978-981-9917-86-0},
  annotation = {titleTranslation: 粘弹性理论背景}
}

@article{lingComparisonReviewClassical2023,
  title      = {Comparison and Review of Classical and Machine Learning-Based Constitutive Models for Polymers Used in Aeronautical Thermoplastic Composites},
  author     = {Ling, Shengbo and Wu, Zhen and Mei, Jie},
  date       = {2023},
  series     = {{{Reviews On Advanced Materials Science}}},
  volume     = {62},
  number     = {1},
  pages      = {20230107},
  annotation = {titleTranslation: 航空热塑性复合材料用聚合物的经典本构模型和基于机器学习的本构模型的比较与评述}
}

@article{maxwell1867iv,
  title     = {IV. On the dynamical theory of gases},
  author    = {Maxwell, James Clerk},
  journal   = {Philosophical transactions of the Royal Society of London},
  number    = {157},
  pages     = {49--88},
  year      = {1867},
  publisher = {The Royal Society London}
}

@article{mitsoulis60YearsKayeBernstein2023,
  title        = {60 Years of the {{Kaye-Bernstein}}, {{Kearsley}}, {{Zapas}} Rheological Constitutive Law for Polymers},
  author       = {Mitsoulis, E and family=Hatzikiriakos, given=SG, given-i=SG},
  date         = {2023-10},
  journaltitle = {Physics Of Flow},
  volume       = {35},
  number       = {10},
  keywords     = {CAPILLARY-FLOW,DOI-EDWARDS,FINITE-ELEMENT SIMULATION,INTEGRAL VISCOELASTIC FLUIDS,KINETIC-THEORY,LOW-DENSITY POLYETHYLENE,MELT RHEOLOGY,NUMERICAL-SIMULATION,TENSILE-STRESS,VORTEX GROWTH},
  annotation   = {titleTranslation: 60年来的Kaye - Bernstein、基尔斯利、Zapas为聚合物的流变本构关系}
}

@article{ricarteTutorialReviewLinear2024,
  title        = {A Tutorial Review of Linear Rheology for Polymer Chemists: Basics and Best Practices for Covalent Adaptable Networks},
  author       = {family=Ricarte, given=RG, given-i=RG and Shanbhag, S},
  date         = {2024-02-27},
  journaltitle = {Polymer Chemistry},
  volume       = {15},
  number       = {9},
  pages        = {815--846},
  keywords     = {FLOW,INTERCONVERSION,MODEL,PRONY SERIES,RELAXATION,RUBBER,VISCOELASTICITY,VITRIMERS,VULCANIZATION,WALL SLIP},
  annotation   = {titleTranslation: 聚合物化学家线性流变学的教程综述：共价适应性网络的基础知识和最佳实践}
}

@article{songNonMaxwellianViscoelasticStress2023,
  title        = {Non-{{Maxwellian}} Viscoelastic Stress Relaxations in Soft Matter},
  author       = {family=Song, given=JK, given-i=JK and Holten-Andersen, N and family=Mckinley, given=GH, given-i=GH},
  date         = {2023-10-25},
  journaltitle = {Soft Matter},
  volume       = {19},
  number       = {41},
  pages        = {7885--7906},
  keywords     = {ASSOCIATING POLYMERS,CROSS-LINKING POLYMER,DISCRETE RELAXATION,ENTANGLED SOLUTIONS,LOGNORMAL DISTRIBUTION FUNCTION,MITTAG-LEFFLER FUNCTION,POWER-LAW,RHEOLOGICAL PROPERTIES,STRETCHED-EXPONENTIAL RELAXATION,THEORETICAL BASIS},
  annotation   = {titleTranslation: 软物质中的非Maxwell型黏弹性应力松弛}
}

@article{sunReviewConstitutiveModels2024,
  title        = {A Review of Constitutive Models for Non-{{Newtonian}} Fluids},
  author       = {Sun, HongGuang and Jiang, Yuehua and Zhang, Yong and Jiang, Lijuan},
  date         = {2024-08-01},
  journaltitle = {Fractional Calculus and Applied Analysis},
  shortjournal = {Fractional Calculus and Applied Analysis},
  volume       = {27},
  number       = {4},
  pages        = {1483--1526},
  annotation   = {titleTranslation: 综述了非牛顿流体的本构模型}
}

@article{voigt1892ueber,
  title        = {Ueber Innere {{Reibung}} Fester {{Körper}}, Insbesondere Der {{Metalle}}},
  author       = {Voigt, Woldemar},
  date         = {1892},
  journaltitle = {Annalen der Physik},
  volume       = {283},
  number       = {12},
  pages        = {671--693},
  publisher    = {Wiley Online Library},
  annotation   = {titleTranslation: Ueber innere Reibung fester Körper，尤其der Metalle}
}

@article{yaoInelasticFluidModels2024,
  title        = {Inelastic Fluid Models with an Objective Stretch Rate Parameter},
  author       = {Yao, Donggang and Zatloukal, Martin},
  date         = {2024-12-01},
  journaltitle = {Journal of Non-Newtonian Fluid Mechanics},
  shortjournal = {Journal of Non-Newtonian Fluid Mechanics},
  volume       = {334},
  pages        = {105320},
  keywords     = {Generalized non-newtonian fluid,Inelastic flow,Objective velocity gradient,Schur decomposition,Stretch rate},
  annotation   = {titleTranslation: 具有目标拉伸率参数的非弹性流体模型}
}

@article{zenerElasticityAnelasticityMetals1949,
  title        = {Elasticity and {{Anelasticity}} of {{Metals}}.},
  author       = {Zener, Clarence M. and Siegel, Sidney},
  date         = {1949-09-01},
  journaltitle = {The Journal of Physical and Colloid Chemistry},
  shortjournal = {J. Phys. Chem.},
  volume       = {53},
  number       = {9},
  pages        = {1468--1468},
  publisher    = {American Chemical Society},
  annotation   = {titleTranslation: 金属的弹性和非弹性。}
}

@article{zhangModificationTechnologiesConstitutive2024,
  title        = {Modification Technologies and Constitutive Models of Viscoelastic Damping Materials: {{Progress}} and Future Trends},
  author       = {Zhang, Hengyuan and Li, Aiqun and Su, Yi and Liu, Shaobo and Liu, Tao},
  date         = {2024-08-30},
  journaltitle = {Construction and Building Materials},
  shortjournal = {Construction and Building Materials},
  volume       = {441},
  pages        = {137406},
  keywords     = {Constitutive models,Developments,Modification technologies,Viscoelastic damping material},
  annotation   = {titleTranslation: 粘弹性阻尼材料的改性技术和本构模型：进展和未来趋势}
}

@article{kuschelNonlinearEnhancementUltrafast2025,
  title        = {Non-Linear Enhancement of Ultrafast {{X-ray}} Diffraction through Transient Resonances},
  author       = {Kuschel, Stephan and Ho, Phay J. and Al Haddad, Andre and Zimmermann, Felix F. and Flueckiger, Leonie and Ware, Matthew R. and Duris, Joseph and MacArthur, James P. and Lutman, Alberto and Lin, Ming-Fu and Li, Xiang and Nakahara, Kazutaka and Aldrich, Jeff W. and Walter, Peter and Young, Linda and Bostedt, Christoph and Marinelli, Agostino and Gorkhover, Tais},
  date         = {2025-01-20},
  journaltitle = {Nature Communications},
  shortjournal = {Nature Communications},
  volume       = {16},
  number       = {1},
  pages        = {847}
}

@article{sun2022relaxation,
  title     = {Relaxation dynamics of deformed polymer nanocomposites as revealed by small-angle scattering and rheology},
  author    = {Sun, Ruikun and Yang, Jie and Patil, Shalin and Liu, Yun and Zuo, Xiaobing and Lee, Andre and Yang, Wei and Wang, Yangyang and Cheng, Shiwang},
  journal   = {Soft Matter},
  volume    = {18},
  number    = {46},
  pages     = {8867--8884},
  year      = {2022},
  publisher = {Royal Society of Chemistry}
}

@article{martin2023rheology,
  title     = {Rheology of Pseudomonas fluorescens biofilms: From experiments to predictive DPD mesoscopic modeling},
  author    = {Mart{\'\i}n-Roca, Jos{\'e} and Bianco, Valentino and Alarc{\'o}n, Francisco and Monnappa, Ajay K and Natale, Paolo and Monroy, Francisco and Orgaz, Belen and L{\'o}pez-Montero, Ivan and Valeriani, Chantal},
  journal   = {The Journal of Chemical Physics},
  volume    = {158},
  number    = {7},
  year      = {2023},
  publisher = {AIP Publishing}
}

@article{schreuders2022non,
  title     = {Non-linear rheology reveals the importance of elasticity in meat and meat analogues},
  author    = {Schreuders, Floor KG and Sagis, Leonard MC and Bodn{\'a}r, Igor and Boom, Remko M and van der Goot, Atze Jan},
  journal   = {Scientific reports},
  volume    = {12},
  number    = {1},
  pages     = {1334},
  year      = {2022},
  publisher = {Nature Publishing Group UK London}
}

@article{jeon2023review,
  title     = {A review of bacterial biofilm formation and growth: rheological characterization, techniques, and applications},
  author    = {Jeon, Eunseo and Kim, Haneum and Kim, Garim and Lee, Doojin},
  journal   = {Korea-Australia Rheology Journal},
  volume    = {35},
  number    = {4},
  pages     = {267--278},
  year      = {2023},
  publisher = {Springer}
}

@article{kim2024role,
  title     = {The role of rheology in cosmetics research: a review},
  author    = {Kim, Juri and Jeong, Eun Hui and Baik, Joon Hyun and Park, Jun Dong},
  journal   = {Korea-Australia Rheology Journal},
  pages     = {1--12},
  year      = {2024},
  publisher = {Springer}
}
@article{murch2024non,
  title     = {Non-invasive, continuous oral delivery of solid levodopa-carbidopa for management of Parkinson’s disease},
  author    = {Murch, William L and Spiridigliozzi, John and Heller, Adam and Heller, Ephraim},
  journal   = {Scientific Reports},
  volume    = {14},
  number    = {1},
  pages     = {26826},
  year      = {2024},
  publisher = {Nature Publishing Group UK London}
}

@article{lowe2019rheology,
  title     = {Rheology of cardiovascular disease},
  author    = {Lowe, Gordon DO and Forbes, CD},
  journal   = {Clinical blood rheology},
  pages     = {113--140},
  year      = {2019},
  publisher = {CRC Press}
}

@article{wang2023non,
  title     = {Non-reciprocal and non-Newtonian mechanical metamaterials},
  author    = {Wang, Lianchao and Mart{\'\i}nez, Julio A Iglesias and Ulliac, Gwenn and Wang, Bing and Laude, Vincent and Kadic, Muamer},
  journal   = {Nature Communications},
  volume    = {14},
  number    = {1},
  pages     = {4778},
  year      = {2023},
  publisher = {Nature Publishing Group UK London}
}

@article{bagley1986fractional,
  title     = {On the fractional calculus model of viscoelastic behavior},
  author    = {Bagley, Ronald L and Torvik, Peter J},
  journal   = {Journal of Rheology},
  volume    = {30},
  number    = {1},
  pages     = {133--155},
  year      = {1986},
  publisher = {The Society of Rheology}
}

@article{binghaminvestigation,
  title   = {AN INVESTIGATION OF THELAWS OF PLASTIC FLOW},
  author  = {Bingham, Eugene C},
  journal = {Bulletin of the Bureau of Standards},
  year    = {1916},
  volume  = {13},
  pages   = {309--353}
}

@article{herschel1926konsistenzmessungen,
  title     = {Konsistenzmessungen von gummi-benzoll{\"o}sungen},
  author    = {Herschel, Winslow H and Bulkley, Ronald},
  journal   = {Kolloid-Zeitschrift},
  volume    = {39},
  pages     = {291--300},
  year      = {1926},
  publisher = {Springer}
}

@article{magnon2021precise,
  title     = {Precise method to estimate the herschel-bulkley parameters from pipe rheometer measurements},
  author    = {Magnon, Elie and Cayeux, Eric},
  journal   = {Fluids},
  volume    = {6},
  number    = {4},
  pages     = {157},
  year      = {2021},
  publisher = {MDPI}
}

@article{papanastasiou1987flows,
  title     = {Flows of materials with yield},
  author    = {Papanastasiou, Tasos C},
  journal   = {Journal of rheology},
  volume    = {31},
  number    = {5},
  pages     = {385--404},
  year      = {1987},
  publisher = {The Society of Rheology}
}