@article{alvesNumericalMethodsViscoelastic2021,
  title = {Numerical {{Methods}} for {{Viscoelastic Fluid Flows}}},
  author = {Alves, M.A. and Oliveira, P.J. and Pinho, F.T.},
  date = {2021-01-05},
  journaltitle = {Annual Review of Fluid Mechanics},
  shortjournal = {Annu. Rev. Fluid Mech.},
  volume = {53},
  number = {1},
  pages = {509--541},
  urldate = {2025-01-01},
  annotation = {titleTranslation: 黏弹性流体流动的数值方法}
}

@article{satoRecentDevelopmentsMultiscale2024,
  title = {Recent Developments on Multiscale Simulations for Rheology and Complex Flow of Polymers},
  author = {Sato, Takeshi and Yoshimoto, Kenji},
  date = {2024-11},
  journaltitle = {Korea-Australia Rheology Journal},
  shortjournal = {Korea-Aust. Rheol. J.},
  volume = {36},
  number = {4},
  pages = {253--269},
  urldate = {2025-01-12},
  annotation = {titleTranslation: 聚合物流变学和复杂流动的多尺度模拟的最新进展}
}

@article{stadlerWhatAreTypical2014,
  title = {What Are Typical Sources of Error in Rotational Rheometry of Polymer Melts?},
  author = {Stadler, Florian J.},
  date = {2014-08},
  journaltitle = {Korea-Australia Rheology Journal},
  shortjournal = {Korea-Aust. Rheol. J.},
  volume = {26},
  number = {3},
  pages = {277--291},
  urldate = {2025-01-12},
  annotation = {titleTranslation: 聚合物熔体旋转流变仪的典型误差来源有哪些?}
}
